[gd_scene load_steps=8 format=3 uid="uid://wdsqhan6yxcy"]

[ext_resource type="Material" uid="uid://0a8dfrvodoow" path="res://materials/grid.material" id="2"]
[ext_resource type="PackedScene" uid="uid://yrg8dnpq8nm0" path="res://models/torch.glb" id="3"]
[ext_resource type="PackedScene" uid="uid://dwsplunvtfw64" path="res://entities/enemy_test.tscn" id="4"]

[sub_resource type="BoxShape3D" id="3"]
size = Vector3(4, 1, 4)

[sub_resource type="Animation" id="2"]
length = 0.001
tracks/0/type = "value"
tracks/0/imported = false
tracks/0/enabled = true
tracks/0/path = NodePath("world/vertical_platform:position")
tracks/0/interp = 1
tracks/0/loop_wrap = true
tracks/0/keys = {
"times": PackedFloat32Array(0),
"transitions": PackedFloat32Array(1),
"update": 0,
"values": [Vector3(4, 1.5, -8)]
}
tracks/1/type = "value"
tracks/1/imported = false
tracks/1/enabled = true
tracks/1/path = NodePath("world/horizontal_platform:position")
tracks/1/interp = 1
tracks/1/loop_wrap = true
tracks/1/keys = {
"times": PackedFloat32Array(0),
"transitions": PackedFloat32Array(1),
"update": 0,
"values": [Vector3(-4, 0.5, -8)]
}

[sub_resource type="Animation" id="1"]
resource_name = "platform_move"
length = 4.0
loop_mode = 1
tracks/0/type = "value"
tracks/0/imported = false
tracks/0/enabled = true
tracks/0/path = NodePath("world/horizontal_platform:position")
tracks/0/interp = 2
tracks/0/loop_wrap = true
tracks/0/keys = {
"times": PackedFloat32Array(0, 1, 2, 3),
"transitions": PackedFloat32Array(1, 1, 1, 1),
"update": 0,
"values": [Vector3(-4, 0.5, -8), Vector3(-4, 0.5, -4), Vector3(-4, 0.5, -4), Vector3(-4, 0.5, -8)]
}
tracks/1/type = "value"
tracks/1/imported = false
tracks/1/enabled = true
tracks/1/path = NodePath("world/vertical_platform:position")
tracks/1/interp = 2
tracks/1/loop_wrap = true
tracks/1/keys = {
"times": PackedFloat32Array(0, 1, 2, 3),
"transitions": PackedFloat32Array(1, 1, 1, 1),
"update": 0,
"values": [Vector3(4, 0.5, -8), Vector3(4, 4.5, -8), Vector3(4, 4.5, -8), Vector3(4, 0.5, -8)]
}

[sub_resource type="AnimationLibrary" id="AnimationLibrary_kk7a6"]
_data = {
"RESET": SubResource("2"),
"platform_move": SubResource("1")
}

[node name="test" type="Node3D"]

[node name="world" type="CSGCombiner3D" parent="."]
calculate_tangents = false
use_collision = true
collision_layer = 16
collision_mask = 0

[node name="floor" type="CSGBox3D" parent="world"]
transform = Transform3D(1, 0, 0, 0, 1, 0, 0, 0, 1, 0, -1, 0)
size = Vector3(14, 2, 14)
material = ExtResource("2")

[node name="floor_subtractor" type="CSGBox3D" parent="world/floor"]
transform = Transform3D(1, 0, 0, 0, 1, 0, 0, 0, 1, 0, 0.5, 0)
operation = 2
size = Vector3(12, 1, 12)
material = ExtResource("2")

[node name="pillar" type="CSGBox3D" parent="world"]
transform = Transform3D(1, 0, 0, 0, 1, 0, 0, 0, 1, 4.5, 0, 3.5)
size = Vector3(1, 2, 1)
material = ExtResource("2")

[node name="ramp" type="CSGPolygon3D" parent="world"]
transform = Transform3D(-4.37114e-08, 0, 1, 0, 1, 0, -1, 0, -4.37114e-08, 1, -1, -6)
polygon = PackedVector2Array(-2, 0, 0, 1, 1, 1, 1, 0)
depth = 2.0
material = ExtResource("2")

[node name="vertical_platform" type="CharacterBody3D" parent="world"]
transform = Transform3D(1, 0, 0, 0, 1, 0, 0, 0, 1, 4, 1.5, -8)
collision_layer = 16
collision_mask = 0

[node name="CollisionShape3D" type="CollisionShape3D" parent="world/vertical_platform"]
shape = SubResource("3")

[node name="CSGBox3D" type="CSGBox3D" parent="world/vertical_platform"]
size = Vector3(4, 1, 4)
material = ExtResource("2")

[node name="horizontal_platform" type="CharacterBody3D" parent="world"]
transform = Transform3D(1, 0, 0, 0, 1, 0, 0, 0, 1, -4, 0.5, -8)
collision_layer = 16
collision_mask = 0

[node name="CollisionShape3D" type="CollisionShape3D" parent="world/horizontal_platform"]
shape = SubResource("3")

[node name="CSGBox3D" type="CSGBox3D" parent="world/horizontal_platform"]
size = Vector3(4, 1, 4)
material = ExtResource("2")

[node name="AnimationPlayer" type="AnimationPlayer" parent="."]
autoplay = "platform_move"
playback_process_mode = 0
libraries = {
"": SubResource("AnimationLibrary_kk7a6")
}

[node name="torch" parent="." instance=ExtResource("3")]
transform = Transform3D(1, 0, 0, 0, 1, 0, 0, 0, 1, -4.5, -1, 3.5)

[node name="enemy_test" parent="." instance=ExtResource("4")]
transform = Transform3D(1, 0, 0, 0, 1, 0, 0, 0, 1, 4, 0, -4)
